<?xml version="1.0" encoding="UTF-8"?><record xmlns="http://www.loc.gov/MARC21/slim" xmlns:cinclude="http://apache.org/cocoon/include/1.0" xmlns:zs="http://www.loc.gov/zing/srw/">
  <leader>00404nz  a2200133n  4500</leader>
  <controlfield tag="001">n  83176233 </controlfield>
  <controlfield tag="003">DLC</controlfield>
  <controlfield tag="005">19840322000000.0</controlfield>
  <controlfield tag="008">830928n| acannaab|          |a aaa |||  </controlfield>
  <datafield tag="010" ind1=" " ind2=" ">
    <subfield code="a">n  83176233 </subfield>
  </datafield>
  <datafield tag="040" ind1=" " ind2=" ">
    <subfield code="a">DLC</subfield>
    <subfield code="c">DLC</subfield>
  </datafield>
  <datafield tag="100" ind1="1" ind2="0">
    <subfield code="a">Pinkham, Mary Ellen.</subfield>
    <subfield code="t">Help yourself diet plan</subfield>
  </datafield>
  <datafield tag="400" ind1="1" ind2="0">
    <subfield code="a">Pinkham, Mary Ellen.</subfield>
    <subfield code="t">Mary Ellen's Help yourself diet plan</subfield>
  </datafield>
  <datafield tag="670" ind1=" " ind2=" ">
    <subfield code="a">Her Mary Ellen's Help yourself diet plan, 1984.</subfield>
  </datafield>
</record>